@book{kopka,
author = "Helmut Kopka and Patrick W.~Daly",
title = "A Guide to \LaTeXe: Document Preparation for Beginners and Advanced Users",
publisher = "Addison-Wesley Publishing Company",
year = "1995",
edition = "Second",
address = "Wokingham, England"
}

@Book{spillner2011software,
 author = {Spillner, Andreas and Linz, Tilo and Schaefer, Hans},
 title = {Software Testing Foundations : A Study Guide for the Certified Tester Exam : Foundation Level, ISTQB compliant},
 publisher = {Rocky Nook},
 year = {2011},
 address = {Santa Barbara, CA},
 isbn = {9781933952789}
 }
 
 @Book{ludewig2010software,
 author = {Ludewig, Jochen and Lichter, Horst},
 title = {Software Engineering : Grundlagen, Menschen, Prozesse, Techniken},
 publisher = {Dpunktverlag},
 year = {2010},
 address = {Heidelberg},
 isbn = {9783898646628}
 }
 
 @techreport{ISO25010,
type = {Standard},
author = {{International Organization for Standardization}, {International Electrotechnical Commission}},
key = {ISO 25010:2011(E)},
month= mar,
year = {2011},
title = {{Systems and Software Engineering — Systems and Software Quality Requirements and Evaluation ({SQuaRE}) — System and Software quality models}},
volume = {2011},
address = {Geneva, CH},
institution = {International Organization for Standardization}
}

@Book{sommerville2012software-engineering,
 author = {Sommerville, Ian},
 title = {Software-Engineering},
 publisher = {Pearson, Higher Education},
 year = {2012},
 address = {{München, Harlow, u.a.}},
 isbn = {9783868940992}
 }
 
 @Book{schneider2012abenteuer,
 author = {Schneider, Kurt},
 title = {Abenteuer Softwarequalität : Grundlagen und Verfahren für Qualitätssicherung und Qualitätsmanagement},
 publisher = {Dpunkt.verlag},
 year = {2012},
 address = {Heidelberg},
 isbn = {9783898647847}
 }
 
 @book{halstead1977elements,
  title={Elements of Software Science (Operating and programming systems series)},
  author={Halstead, Maurice H},
  year={1977},
  publisher={Elsevier Science Inc.}
}

@article{mccabe1976complexity,
  title={A complexity measure},
  author={McCabe, Thomas J},
  journal={IEEE Transactions on software Engineering},
  number={4},
  pages={308--320},
  year={1976},
  publisher={IEEE}
}

@book{dahl1972structured,
  title={Structured programming},
  author={Dahl, Ole-Johan and Dijkstra, Edsger Wybe and Hoare, Charles Antony Richard},
  year={1972},
  publisher={Academic Press Ltd.}
}

@Book{ammann2008introduction,
 author = {Ammann, Paul and Offut, Jeff},
 title = {Introduction to software testing},
 publisher = {Cambridge University Press},
 year = {2008},
 address = {New York},
 isbn = {9780521880381}
 }

@inproceedings{royce1987managing,
  title={Managing the development of large software systems: concepts and techniques},
  author={Royce, Winston W},
  booktitle={Proceedings of the 9th international conference on Software Engineering},
  pages={328--338},
  year={1987}
}

@book{beck2003test,
  title={Test-driven development: by example},
  author={Beck, Kent},
  year={2003},
  publisher={Addison-Wesley Professional}
}

@Book{craig2002systematic,
 author = {Craig, Rick and Jaskiel, Stefan},
 title = {Systematic software testing},
 publisher = {Artech House},
 year = {2002},
 address = {Boston},
 isbn = {9781580535083}
 }

@inproceedings{yu2013acts,
  title={Acts: A combinatorial test generation tool},
  author={Yu, Linbin and Lei, Yu and Kacker, Raghu N and Kuhn, D Richard},
  booktitle={2013 IEEE Sixth International Conference on Software Testing, Verification and Validation},
  pages={370--375},
  year={2013},
  organization={IEEE}
}

@inproceedings{borazjany2012combinatorial,
  title={Combinatorial testing of ACTS: A case study},
  author={Borazjany, Mehra N and Yu, Linbin and Lei, Yu and Kacker, Raghu and Kuhn, Rick},
  booktitle={2012 IEEE Fifth International Conference on Software Testing, Verification and Validation},
  pages={591--600},
  year={2012},
  organization={IEEE}
}

@inproceedings{khalsa2014orchestrated,
  title={An orchestrated survey of available algorithms and tools for combinatorial testing},
  author={Khalsa, Sunint Kaur and Labiche, Yvan},
  booktitle={2014 IEEE 25th International Symposium on Software Reliability Engineering},
  pages={323--334},
  year={2014},
  organization={IEEE}
}

@inproceedings{khalsa2014orchestrated,
  title={An orchestrated survey of available algorithms and tools for combinatorial testing},
  author={Khalsa, Sunint Kaur and Labiche, Yvan},
  booktitle={2014 IEEE 25th International Symposium on Software Reliability Engineering},
  pages={323--334},
  year={2014},
  organization={IEEE}
}

@inproceedings{grindal2007input,
  title={Input parameter modeling for combination strategies},
  author={Grindal, Mats and Offutt, Jeff},
  booktitle={Proceedings of the 25th conference on IASTED International Multi-Conference: Software Engineering},
  pages={255--260},
  year={2007},
  organization={Citeseer}
}

@article{krishnan2007combinatorial,
  title={Combinatorial testing: learnings from our experience},
  author={Krishnan, R and Krishna, S Murali and Nandhan, P Siva},
  journal={ACM SIGSOFT Software Engineering Notes},
  volume={32},
  number={3},
  pages={1--8},
  year={2007},
  publisher={ACM New York, NY, USA}
}

@inproceedings{chen2004adaptive,
  title={Adaptive random testing},
  author={Chen, Tsong Yueh and Leung, Hing and Mak, IK},
  booktitle={Annual Asian Computing Science Conference},
  pages={320--329},
  year={2004},
  organization={Springer}
}

@article{white1980domain,
  title={A domain strategy for computer program testing},
  author={White, Lee J and Cohen, Edward I},
  journal={IEEE transactions on software engineering},
  number={3},
  pages={247--257},
  year={1980},
  publisher={IEEE}
}

@article{survey2013,
  title={An orchestrated survey of methodologies for automated software test case generation},
  author={Anand, Saswat and Burke, Edmund K and Chen, Tsong Yueh and Clark, John and Cohen, Myra B and Grieskamp, Wolfgang and Harman, Mark and Harrold, Mary Jean and McMinn, Phil and Bertolino, Antonia and others},
  journal={Journal of Systems and Software},
  volume={86},
  number={8},
  pages={1978--2001},
  year={2013},
  publisher={Elsevier}
}

@inproceedings{chen2004adaptive,
  title={Adaptive random testing},
  author={Chen, Tsong Yueh and Leung, Hing and Mak, IK},
  booktitle={Annual Asian Computing Science Conference},
  pages={320--329},
  year={2004},
  organization={Springer}
}

@inproceedings{huang2012adaptive,
  title={Adaptive random test case generation for combinatorial testing},
  author={Huang, Rubing and Xie, Xiaodong and Chen, Tsong Yueh and Lu, Yansheng},
  booktitle={2012 IEEE 36th Annual Computer Software and Applications Conference},
  pages={52--61},
  year={2012},
  organization={IEEE}
}

@article{kuhn2010practical,
  title={Practical combinatorial testing},
  author={Kuhn, D Richard and Kacker, Raghu N and Lei, Yu and others},
  journal={NIST special Publication},
  volume={800},
  number={142},
  pages={142},
  year={2010}
}

@article{kuhn2004error,
  title={Software fault interactions and implications for software testing},
  author={Kuhn, D Richard and Wallace, Dolores R and Gallo, Albert M},
  journal={IEEE transactions on software engineering},
  volume={30},
  number={6},
  pages={418--421},
  year={2004},
  publisher={IEEE}
}

@article{cohen1997aetg,
  title={The AETG system: An approach to testing based on combinatorial design},
  author={Cohen, David M. and Dalal, Siddhartha R. and Fredman, Michael L. and Patton, Gardner C.},
  journal={IEEE Transactions on Software Engineering},
  volume={23},
  number={7},
  pages={437--444},
  year={1997},
  publisher={IEEE}
}

@article{lei2008ipog,
  title={IPOG/IPOG-D: efficient test generation for multi-way combinatorial testing},
  author={Lei, Yu and Kacker, Raghu and Kuhn, D Richard and Okun, Vadim and Lawrence, James},
  journal={Software Testing, Verification and Reliability},
  volume={18},
  number={3},
  pages={125--148},
  year={2008},
  publisher={Wiley Online Library}
}

@inproceedings{czerwonka2006pairwise,
  title={Pairwise testing in real world},
  author={Czerwonka, Jacek},
  booktitle={24th Pacific Northwest Software Quality Conference},
  volume={200},
  year={2006},
  organization={Citeseer}
}

@inproceedings{yu2013acts,
  title={Acts: A combinatorial test generation tool},
  author={Yu, Linbin and Lei, Yu and Kacker, Raghu N and Kuhn, D Richard},
  booktitle={2013 IEEE Sixth International Conference on Software Testing, Verification and Validation},
  pages={370--375},
  year={2013},
  organization={IEEE}
}

@Book{schoening2001algorithmik,
 author = {Sch{\"o}ning, Uwe},
 title = {Algorithmik},
 publisher = {Spektrum, Akad. Verl},
 year = {2001},
 address = {Heidelberg, Berlin},
 isbn = {3827410924}
 }

@inproceedings{lei1998parameter,
  title={In-parameter-order: A test generation strategy for pairwise testing},
  author={Lei, Yu and Tai, Kuo-Chung},
  booktitle={Proceedings Third IEEE International High-Assurance Systems Engineering Symposium (Cat. No. 98EX231)},
  pages={254--261},
  year={1998},
  organization={IEEE}
}

@article{chateauneuf1999covering,
  title={Covering arrays of strength three},
  author={Chateauneuf, MA and Colbourn, Charles J and Kreher, Donald L.},
  journal={Designs, Codes and Cryptography},
  volume={16},
  number={3},
  pages={235--242},
  year={1999},
  publisher={Springer}
}

@article{forbes2008refining,
  title={Refining the in-parameter-order strategy for constructing covering arrays},
  author={Forbes, Michael and Lawrence, Jim and Lei, Yu and Kacker, Raghu N and Kuhn, D Richard},
  journal={Journal of Research of the National Institute of Standards and Technology},
  volume={113},
  number={5},
  pages={287},
  year={2008},
  publisher={National Institute of Standards and Technology}
}

@misc{bach2012allpairs,
  title={Allpairs test case generation tool},
  author={Bach, J},
  year={2012},
url={https://www.satisfice.com/download/allpairs},
note={Zuletzt aufgerufen: 26.10.2021}
}

 @misc{pairwisetesting, title={Pairwise testing}, url={https://www.pairwise.org/}, journal={Pairwise Testing}, note={Zuletzt aufgerufen: 26.10.2021}, author={Jacek Czerwonka}} 

@inproceedings{garvin2009improved,
  title={An improved meta-heuristic search for constrained interaction testing},
  author={Garvin, Brady J and Cohen, Myra B and Dwyer, Matthew B},
  booktitle={2009 1st International Symposium on Search Based Software Engineering},
  pages={13--22},
  year={2009},
  organization={IEEE}
}

@article{garvin2011evaluating,
  title={Evaluating improvements to a meta-heuristic search for constrained interaction testing},
  author={Garvin, Brady J and Cohen, Myra B and Dwyer, Matthew B},
  journal={Empirical Software Engineering},
  volume={16},
  number={1},
  pages={61--102},
  year={2011},
  publisher={Springer}
}

@book{stevens1999transversal,
  title={Transversal covers and packings.},
  author={Stevens, Brett},
  year={1999},
  publisher={University of Toronto}
}

@inproceedings{lei2007ipog,
  title={IPOG: A general strategy for t-way software testing},
  author={Lei, Yu and Kacker, Raghu and Kuhn, D Richard and Okun, Vadim and Lawrence, James},
  booktitle={14th Annual IEEE International Conference and Workshops on the Engineering of Computer-Based Systems (ECBS'07)},
  pages={549--556},
  year={2007},
  organization={IEEE}
}

@inproceedings{gargantini2018migrating,
  title={Migrating combinatorial interaction test modeling and generation to the web},
  author={Gargantini, Angelo and Radavelli, Marco},
  booktitle={2018 IEEE International Conference on Software Testing, Verification and Validation Workshops (ICSTW)},
  pages={308--317},
  year={2018},
  organization={IEEE}
}

@inproceedings{eysholdt2010xtext,
  title={Xtext: implement your language faster than the quick and dirty way},
  author={Eysholdt, Moritz and Behrens, Heiko},
  booktitle={Proceedings of the ACM international conference companion on Object oriented programming systems languages and applications companion},
  pages={307--309},
  year={2010}
}

@misc{ctwedge, title={Combinatorial Testing Web-based Editor and Generator}, url={https://foselab.unibg.it/ctwedge/}, journal={CTWedge},
note={Zuletzt aufgerufen: 26.10.2021}, author={Gargantini, Angelo and Radavelli, Marco}}

@misc{deva_2021, title={Method Size Limit in Java - DZone Java}, url={https://dzone.com/articles/method-size-limit-java}, journal={dzone.com}, publisher={DZone}, author={Deva, Prashant}, year={2021}, month={Feb}, note={Zuletzt aufgerufen: 29.10.2021}}

@misc{unicode, title={Unicode® Version 14.0 Character Counts}, url={https://www.unicode.org/versions/stats/charcountv14_0.html}, journal={Unicode®},  note={Zuletzt aufgerufen: 29.10.2021}}

@misc{solver, title={Choco Solver}, url={https://choco-solver.org/}, journal={Choco Solver}, note={Zuletzt aufgerufen: 03.11.2021}}

@misc{easy_web, title={E@sy Web Leben}, url={https://www.al-h.de/appserver/easyweb//}, journal={ALH-Gruppe}, note={Zuletzt aufgerufen: 06.12.2021}, author={{ALH Gruppe}}}

@misc{pict, title={Microsoft/PICT: Pairwise Independent Combinatorial Tool}, url={https://github.com/microsoft/pict}, journal={GitHub}, author={Czerwonka, Jacek}, note={Zuletzt aufgerufen: 03.11.2021}} 

@Book{spillner2010basiswissen,
 author = {Spillner, Andreas and Linz, Tilo},
 title = {Basiswissen Softwaretest : Aus- und Weiterbildung zum Certified Tester Foundation Level nach ISTQB-Standard},
 publisher = {dunkt.verlag},
 year = {2019},
 address = {Heidelberg},
 isbn = {9783960885016}
 }


@article{acts_user_guide,
  title={User Guide for ACTS},
  author={Feng Duan and Jeff Lei},
  year={2019},
organization={Computer Security Resource Center - NIST}
}

@Book{ammann2008introduction,
 author = {Ammann, Paul and Offutt, Jeff},
 title = {Introduction to software testing},
 publisher = {Cambridge University Press},
 year = {2008},
 address = {New York},
 isbn = {978-0-521-88038-1}
 }

@Book{buttler2017einfuehrung,
 author = {Buttler, Andreas and Keller, Markus},
 title = {Einf{\"u}hrung in die betriebliche Altersversorgung},
 publisher = {VVW},
 year = {2017},
 address = {Karlsruhe},
 isbn = {9783899529791}
 }

@Book{plato2016betriebliche,
 author = {Langohr-Plato, Uwe},
 title = {Betriebliche Altersversorgung},
 publisher = {ZAP},
 year = {2016},
 address = {K{\"o}ln},
 isbn = {9783896558404}
 }

@misc{verbraucherzentrale, title={Betriebsrente: Mit dem Arbeitgeber für die Rente sparen}, url={https://www.verbraucherzentrale.de/wissen/geld-versicherungen/altersvorsorge/betriebsrente-mit-dem-arbeitgeber-fuer-die-rente-sparen-7675}, journal={Verbraucherzentrale.de}, publisher={Verbraucherzentrale}, author={Verbraucherzentrale}, note={Zuletzt aufgerufen: 07.12.2021}}

@misc{alh_produkte, title={Vermittlerportal der ALH Gruppe}, url={https://www.vermittlerportal.de/}, journal={ALH Gruppe}, author={{ALH Gruppe}}, note={Zuletzt aufgerufen: 07.12.2021}}

@misc{alh_bav, title={Betriebliche Altersvorsorge}, url={https://www.alte-leipziger.de/geschaeftskunden/betriebliche-altersversorgung}, journal={ALH Gruppe}, author={{ALH Gruppe}}, note={Zuletzt aufgerufen: 07.12.2021}}



@misc{bbg2021,
  author={{Bundesministerium der Justiz und f{\"u}r Verbraucherschutz}},
  title={Verordnung {\"u}ber maßgebende Rechengr{\"o}ßen der Sozialversicherung f{\"u}r 2021 (Sozialversicherungs-Rechengr{\"o}ßenverordnung 2021)},
  year={2021},
  url={https://www.gesetze-im-internet.de/svbezgrv_2021/BJNR261200020.html},
note={Zuletzt aufgerufen: 07.12.2021}
}

@misc{alh_produkte_arOdd,
  author={{Alte Leipziger Lebensversicherung auf Gegenseitigkeit}},
  title={Allgemeine Bedingungen f{\"u}r die moderne flexible Rente (Tarife AR15 und AR25)},
  year={2019},
}




% Beachte: Hier muss {\“a} f{\“u}r {\“a} verwendet werden, falls ben{\“o}tigt
