@book{kopka,
author = "Helmut Kopka and Patrick W.~Daly",
title = "A Guide to \LaTeXe: Document Preparation for Beginners and Advanced Users",
publisher = "Addison-Wesley Publishing Company",
year = "1995",
edition = "Second",
address = "Wokingham, England"
}

@booklet{pdfcrop,
author = {Heiko Oberdiek},
howpublished = {http://www.ctan.org/tex-archive/support/pdfcrop/},
year = {2002}

}

@techreport{demoWandel,
author = {Dr. Reiner Klingholz},
title = {Deutschlands demografische Herausforderungen},
institution = {Berlin-Institut f{\"u}r Bev{\"o}lkerung und Entwicklung},
year = {2016},
number = {18-2016},
type = {Diskussionspapier},
url = {https://www.berlin-institut.org/publikationen/discussion-papers/deutschlands-demografische-herausforderungen.html},
note={Zuletzt aufgerufen am 16.03.2020}
}

@techreport{ericssonReport,
author = {{Ericsson SE},},
title = {Ericsson Mobility Report},
institution = {Ericsson SE},
year = {2019},
month = {Okt},
type = {Bericht},
url = {https://www.ericsson.com/en/mobility-report/reports/november-2019},
note={Zuletzt aufgerufen am 16.03.2020}}

@article{nativeMobileApp,
author = {William Jobe}, 
title = {Native Apps vs. Mobile Web Apps},
journal = {International Journal of Interactive Mobile Technologies},
year = 2013,
number = 4,
pages = {27-32},
month = 10,
url = {https://online-journals.org/index.php/i-jim/issue/view/159}, 
note={Zuletzt aufgerufen am 16.03.2020},
volume = 7
}


@phdthesis{buchstabensalat,
author = {Graham Ernest Rawlinson}, 
title = {The significance of letter position in word recognition},
school = {University of Nottingham},
year = 1976,
address = {Nottingham},
}

@techreport{tkStress,
author = {{Techniker Krankenkasse},},
title = {Entspann dich Deutschland - TK-Stressstudie 2016},
year = {2016},
month = {Okt},
type = {Studie},
url = {https://www.tk.de/presse/themen/praevention/gesundheitsstudien/tk-stressstudie-2016-wie-gestresst-ist-deutschland-2041952},
note={Zuletzt aufgerufen am 16.03.2020}
}

@techreport{freizeitMonitor,
author = {{Stiftung f\"ur Zukunftsfragen},},
title = {Freizeit Monitor 2019},
institution = {Stiftung f\"ur Zukunftsfragen},
year = {2019},
month = {Sep},
type = {Studie},
url = {http://www.freizeitmonitor.de/download/freizeitmonitor-2019/},
note={Zuletzt aufgerufen am 16.03.2020}
}

@misc{gottfried, title={Entnahmeplan f{\"u}r Rente aus Kapitalverm{\"o}gen}, url={https://www.zinsen-berechnen.de/entnahmeplan.php}, author={Zinsen-Berechnen.de}, journal={Gottfried, Thomas},note={Zuletzt aufgerufen am 16.03.2020}} 

@misc{freund_turowski-freund, title={Entnahmeplan berechnen f{\"u}r Ihre Altersvorsorge}, url={https://www.finanzpartner.de/rechner/entnahmeplan.htm}, author={{Finanzpartner.DE},}, journal={Freund, Michael and Turowski-Freund, Jacqueline},note={Zuletzt aufgerufen am 16.03.2020}} 

@misc{christ, title={Wie lange reicht das Geld f{\"u}r eine Rente?}, url={http://www.konbav.de/rente-reicht-wie-lange.html}, author={{Konbav GmbH},}, journal={Christ, Walter},note={Zuletzt aufgerufen am 16.03.2020}}

@misc{vanguard, title={Retirement Nest Egg Calculator}, url={https://retirementplans.vanguard.com/VGApp/pe/pubeducation/calculators/RetirementNestEggCalc.jsf}, author={Vanguard}, note={Zuletzt aufgerufen am 16.03.2020}} 

@misc{marketwatch, title={Retirement Planning Tool - Visual Calculator}, url={https://www.marketwatch.com/calculator/retirement/retirement-planning-calculator}, author={MarketWatch}, note={Zuletzt aufgerufen am 16.03.2020}} 

@book{hull2006optionen,
title={Optionen, Futures und andere Derivate},
author={Hull, John C.},
isbn={9783827371423},
series={Hauptband},
year={2006},
publisher={Pearson Studium}
}

@BOOK{2013WTheorie,
AUTHOR = {Klenke, Achim},
YEAR = {2013},
TITLE = {Wahrscheinlichkeitstheorie},
EDITION = {3. Auflage},
ISBN = {978-3-642-36017-6},
	PUBLISHER = {Springer-Verlag},
	ADDRESS = {Berlin et al.},
}

@BOOK{Fahrmeir2007,
	AUTHOR = {Fahrmeir, Ludwig AND K{\"u}nstler, Rita AND Pigeot, Iris AND Tutz, Gerhard},
	YEAR = {2007},
	TITLE = {Statistik - Der Weg zur Datenanalyse},
	EDITION = {6. Auflage},
	ISBN = {978-3-540-69739-8},
	PUBLISHER = {Springer-Verlag},
	ADDRESS = {Berlin et al.},
}

@BOOK{Willberg2010,
	AUTHOR = {Willberg, Hans Peter AND Forssman, Friedrich},
	YEAR = {2010},
	TITLE = {Lesetypografie},
	EDITION = {},
	ISBN = {978-3-874-39800-8},
	PUBLISHER = {Schmidt},
	ADDRESS = {Mainz},
}


@BOOK{Brokate2015,
AUTHOR = {Brokate, Martin AND Henze, Norbert AND Hettlich, Frank AND Meister, Andreas AND Schranz-Kirlinger, Gabriela AND Sonar, Thomas AND Rademacher, Daniel},
YEAR = {2015},
TITLE = {Grundwissen Mathematikstudium - H{\"o}here Analysis, Numerik und Stochastik},
EDITION = {1. Auflage},
ISBN = {978-3-642-45078-5},
	PUBLISHER = {Springer-Verlag},
	ADDRESS = {Berlin et al.},
}

@BOOK{Williams2008,
	AUTHOR = {Williams, Robin},
	YEAR = {2008},
	TITLE = {Design und Typografie},
	EDITION = {},
	ISBN = {978-3-827-32707-9},
	PUBLISHER = {Pearson Deutschland GmbH},
	ADDRESS = {M{\"u}nchen},
}
s

@BOOK{Irle2012,
AUTHOR = {Irle, Albrecht},
YEAR = {2012},
TITLE = {Finanzmathematik - Die Bewertung von Derivaten},
EDITION = {3. {\"u}berarbeitete und erweiterte Auflage},
ISBN = {978-3-834-81574-3},
PUBLISHER = {Vieweg+Teubner Verlag},
ADDRESS = {Wiesbaden},
}

@BOOK{Wirth2004,
AUTHOR = {Wirth, Thomas},
YEAR = {2004},
TITLE = {Missing Links - {\"u}ber gutes Webdesign},
EDITION = {2. erweiterte Auflage},
ISBN = {978-3-446-22554-1},
PUBLISHER = {Hanser},
ADDRESS = {M{\"u}nchen},
}

@BOOK{Munz2013,
	AUTHOR = {M{\"u}nz, Stefan AND Gull, Clemens},
	YEAR = {2012},
	TITLE = {HTML5 Handbuch},
	EDITION = {2. Auflage},
	ISBN = {978-3-645-60151-1},
	PUBLISHER = {Franzis},
	ADDRESS = {M{\"u}nchen},
}


@misc{ziegler_2012, title={Less is More: Fundamentals of Minimalist Web Design}, url={https://webdesign.tutsplus.com/articles/less-is-more-fundamentals-of-minimalist-web-design--webdesign-8}, author={{Web Design Envato Tuts}, }, journal={Ziegler, Curt}, year={2012}, month={Feb}, note={Zuletzt aufgerufen am 16.03.2020}}

@BOOK{Rohles_2017,
AUTHOR = {Rohles, Bj{\"o}rn},
YEAR = {2017},
TITLE = {Grundkurs gutes Webdesign - Alles, was Sie {\"u}ber Gestaltung im Web wissen m{\"u}ssen, f{\"u}r moderne und attraktive Websites, die jeder gerne besucht!},
EDITION = {2. Auflage},
ISBN = {978-3-836-24404-6},
PUBLISHER = {Rheinwerk Verlag GmbH},
ADDRESS = {Bonn},
}

@misc{jones_2010, title={Understanding the Z-Layout in Web Design}, url={https://webdesign.tutsplus.com/articles/understanding-the-z-layout-in-web-design--webdesign-28}, author={{Web Design Envato Tuts}, }, journal={Jones, Brandon}, year={2010}, month={Oct}, note={Zuletzt aufgerufen am 16.03.2020}}

@BOOK{Hammer_2009,
AUTHOR = {Hammer, Norbert AND Bensmann, Karen},
YEAR = {2009},
TITLE = {Webdesign f{\"u}r Studium und Beruf - Webseiten planen, gestalten und umsetzen},
EDITION = {1. Auflage},
ISBN = {978-3-540-85234-6},
	PUBLISHER = {Springer-Verlag},
	ADDRESS = {Berlin et al.},
}

@misc{pernice_2017, title={F-Shaped Pattern of Reading on the Web: Misunderstood, But Still Relevant (Even on Mobile)}, url={https://www.nngroup.com/articles/f-shaped-pattern-reading-web-content/}, author={{Nielsen Norman Group},}, journal={Pernice, Kara}, year={2017}, month={Nov}, note={Zuletzt aufgerufen am 16.03.2020}}

@misc{henckel_2020, title={Typographie Grundlagen im Webdesign: Diese Dinge solltest du beachten}, url={https://raidboxes.io/blog/webdesign/typographie-grundlagen-webfonts-tipps/}, author={RAIDBOXES}, journal={Henckel, Mark Max}, year={2020}, month={Jan}, note={Zuletzt aufgerufen am 16.03.2020}}

@BOOK{Ruder2001,
AUTHOR = {Ruder, Emil AND Frutiger, Adrien},
YEAR = {2001},
TITLE = {Typographie},
EDITION = {Neuauflage der Originalsausgabe},
ISBN = {978-3-721-20043-0},
PUBLISHER = {Niggli},
ADDRESS = {Sulgen},
}


@misc{suddeutsche.de_2011, title={Warum der Marine beitreten, wenn man Pirat sein kann?}, url={https://bit.ly/2wZmnjq}, author={S{\"u}ddeutsche.de}, year={2011}, month={Okt}, note={Zuletzt aufgerufen am 16.03.2020}}

@misc{mittelstandswiki_2019, title={Gesch\"aftsanalytik}, url={https://www.mittelstandswiki.de/wissen/Gesch\%C3\%A4ftsanalytik}, journal={MittelstandsWiki}, author={MittelstandsWiki}, year={2019}, month={Feb},  note={Zuletzt aufgerufen am 16.03.2020}} 

@misc{statsMobile, title={Desktop vs Mobile vs Tablet vs Console Market Share Worldwide}, url={https://gs.statcounter.com/platform-market-share/desktop-mobile-tablet-console/worldwide/2019}, author={{StatCounter Global Stats},}, note={Zuletzt aufgerufen am 16.03.2020}} 

@misc{statsMobileGermany2016, title={Desktop vs Mobile vs Tablet vs Console Market Share Germany}, url={https://gs.statcounter.com/platform-market-share/desktop-mobile-tablet-console/germany/2016}, author={{StatCounter Global Stats},}, note={Zuletzt aufgerufen am 16.03.2020}} 

@misc{statsMobileGermany2017, title={Desktop vs Mobile vs Tablet vs Console Market Share Germany}, url={https://gs.statcounter.com/platform-market-share/desktop-mobile-tablet-console/germany/2017}, author={{StatCounter Global Stats},}, note={Zuletzt aufgerufen am 16.03.2020}} 

@misc{statsMobileGermany2018, title={Desktop vs Mobile vs Tablet vs Console Market Share Germany}, url={https://gs.statcounter.com/platform-market-share/desktop-mobile-tablet-console/germany/2018}, author={{StatCounter Global Stats},}, note={Zuletzt aufgerufen am 16.03.2020}} 

@misc{statsMobileGermany2019, title={Desktop vs Mobile vs Tablet vs Console Market Share Germany}, url={https://gs.statcounter.com/platform-market-share/desktop-mobile-tablet-console/germany/2019}, author={{StatCounter Global Stats},}, note={Zuletzt aufgerufen am 16.03.2020}} 


@misc{selfhtml, title={HTML/Tutorials/responsive Webdesign}, url={https://wiki.selfhtml.org/wiki/HTML/Tutorials/responsive_Webdesign}, author={SELFHTML}, note={Zuletzt aufgerufen am 16.03.2020}}

@misc{selfhtml1, title={HTML/Tutorials/responsive Webdesign/Vor{\"u}berlegungen}, url={https://wiki.selfhtml.org/wiki/HTML/Tutorials/responsive_Webdesign/Vor\"uberlegungen}, author={SELFHTML}, note={Zuletzt aufgerufen am 16.03.2020}}

@misc{girard_2018, title={9 responsive design mistakes you don't want to make}, url={https://thenextweb.com/dd/2015/10/28/9-responsive-design-mistakes-you-dont-want-to-make/}, author={{The Next Web},}, journal={Girard, Jeremy}, year={2018}, month={Jun}, note={Zuletzt aufgerufen am 16.03.2020}}

@BOOK{Goethe1810,
AUTHOR = {Goethe, Johann Wolfgang von},
YEAR = {1810},
TITLE = {Zur Farbenlehre},
EDITION = {},
ISBN = {},
PUBLISHER = {J.G. Cotta'schen Buchhandlung},
ADDRESS = {T\"ubingen},
}

@BOOK{javascript,
	AUTHOR = {Flanagan, David},
	YEAR = {1997},
	TITLE = {JavaScript - das umfassende Referenzwerk},
	EDITION = {1. Auflage},
	ISBN = {3-930673-56-8},
	PUBLISHER = {O'Reilly},
	ADDRESS = {K{\"o}ln},
}

@BOOK{Lubkowitz2007,
AUTHOR = {Lubkowitz, Mark},
YEAR = {2007},
TITLE = {Webseiten programmieren und gestalten - Das umfassende Handbuch},
EDITION = {3. aktualisierte Auflage},
ISBN = {978-3-898-42813-2},
PUBLISHER = {Galileo Press},
ADDRESS = {Bonn},
}

@misc{khanAcademy, title={What's a JS library?}, url={https://www.khanacademy.org/computing/computer-programming/html-css-js/using-js-libraries-in-your-webpage/a/whats-a-js-library}, journal={Khan Academy}, publisher={Khan Academy}, author={{Khan Academy},}, note={Zuletzt aufgerufen am 16.03.2020}}

@misc{d3, title={D3 - Data-Driven Documents}, url={https://d3js.org/}, journal={D3.js}, author={Bostock, Mike}, note={Zuletzt aufgerufen am 16.03.2020}}

@BOOK{Murray2017,
AUTHOR = {Murray, Scott},
YEAR = {2017},
TITLE = {Interactive Data Visualization for the Web - An Introduction to Designing with D3},
EDITION = {2nd Edition},
ISBN = {978-1-491-92128-9},
PUBLISHER = {O'Reilly},
ADDRESS = {Sebastopol},
}

@BOOK{Holzmeister2019,
	AUTHOR = {Holzmeister, Felix AND Huber, J{\"u}rgen AND Schredelseker, Klaus},
	YEAR = {2019},
	TITLE = {Grundlagen der Finanzwirtschaft},
	EDITION = {3. Auflage},
	ISBN = {978-3-110-60791-8},
	PUBLISHER = {Walter de Gruyter GmbH \& Co KG},
	ADDRESS = {Berlin},
}

@BOOK{Eisenberg2002,
AUTHOR = {Eisenberg, J.David},
YEAR = {2002},
TITLE = {SVG Essentials - Producing Scalable Vector Graphics with XML},
EDITION = {1st Edition},
ISBN = {978-0-596-00223-7},
PUBLISHER = {O'Reilly},
ADDRESS = {Sebastopol},
}

@misc{d3_2020, title={d3/d3-random}, url={https://github.com/d3/d3-random}, journal={GitHub}, author={Mike Bostock},  note={Zuletzt aufgerufen am 16.03.2020}}

@article{ragnar,
author = {Ragnar Norberg}, 
title = {Life Insurance Mathematics},
journal = {Encyclopedia of Actuarial Science},
year = 2006,
month = 9,
url = {http://web.math.ku.dk/~mogens/lifebook.pdf}, 
note={Zuletzt aufgerufen am 16.03.2020}
}

@article{renteneintritt,
author = {Stefan Moog AND Christoph M{\"u}ller}, 
title = {Zur Erh{\"o}hung der
Regelaltersgrenze in Deutschland: eine internationale Perspektive},
journal = {Vierteljahrshefte zur
Wirtschaftsforschung},
year = 2011,
pages = {33-51},
month = 2,
url = {http://dx.doi.org/10.3790/vjh.80.2.33},
note={Zuletzt aufgerufen am 16.03.2020},
volume = 80
}

@article{zweifelRenditeRisiko,
author = {Volker Wiemann and Thomas Mellewigt}, 
title = {Das Risiko-Rendite Paradoxon. Stand der Forschung und Ergebnisse einer empirischen Untersuchung},
journal = {Schmalenbachs Zeitschrift f{\"u}r betriebswirtschaftliche Forschung},
year = 1998,
pages = {551-572},
month = 6,
url = {https://link.springer.com/content/pdf/10.1007/BF03371521.pdf},
note={Zuletzt aufgerufen am 16.03.2020},
volume = 50
}

@article{emoticons,
author = {Georg Albert}, 
title = {Semiotik und Syntax von Emoticons},
journal = {Zeitschrift f{\"u}r Angewandte Linguistik},
year = 2015,
pages = {3-22},
month = 4,
url = {https://doi.org/10.1515/zfal-2015-0001},
note={Zuletzt aufgerufen am 16.03.2020},
volume = 62,
issue = 1
}

@techreport{emojiReport,
author = {{Emogi Research Team},},
title = {2015 Emoji Report},
year = {2015},
month = {Sep},
type = {Bericht},
url = {https://t1p.de/skp9},
note={Zuletzt aufgerufen am 16.03.2020}
}


@article{emoticonsSmiley,
author = {Karsten Rinas and Veronika Uhrov\'{a}}, 
title = {Perioden mit Smileys.
Zum Verh{\"a}ltnis von Emoticons und Interpunktion},
journal = {Linguistik Online},
year = 2016,
pages = {3-22},
month = 1,
url = {https://bop.unibe.ch/linguistik-online/article/view/2519/3747},
note={Zuletzt aufgerufen am 16.03.2020},
volume = 75,
}

@BOOK{Schumann1999,
AUTHOR = {Schumann, Heidrun AND M{\"u}ller, Wolfgang},
YEAR = {1999},
TITLE = {Visualisierung - Grundlagen und allgemeine Methoden},
EDITION = {},
ISBN = {978-3-540-64944-1},
	PUBLISHER = {Springer-Verlag},
	ADDRESS = {Berlin et al.},
}

@article{pieChart,
author = {Skau, Drew and Kosara, Robert},
year = {2016},
month = {6},
pages = {121-130},
title = {Arcs, Angles or Areas: Individual Data Encodings in Pie and Donut Charts},
volume = {35},
journal = {Computer Graphics Forum},
url = {https://doi.org/10.1111/cgf.12888},
note={Zuletzt aufgerufen am 16.03.2020}
}

@article{histogram,
author = {Norbert Victor},
year = {1978},
pages = {120-126},
title = {Alternativen zum klassischen Histogramm},
volume = {17},
journal = {Meth. Inform. Med.},
note={Zuletzt aufgerufen am 16.03.2020},
url = {https://www.thieme-connect.com/products/ejournals/pdf/10.1055/s-0038-1636614.pdf}
issue = {2}
}

@article{wirkungFarben,
author = {Gerd Nufer and Victoria Wenk},
year = {2017},
title = {Wirkung von Farben im Marketing},
journal = {Reutlinger Diskussionsbeitr{\"a}ge zu Marketing und Management},
url = {http://dx.doi.org/10.15496/publikation-16115},
note={Zuletzt aufgerufen am 16.03.2020}
issue = {2}
}

@misc{bau_2010, title={Random Seeds, Coded Hints, and Quintillions}, url={http://davidbau.com/archives/2010/01/30/random_seeds_coded_hints_and_quintillions.html}, journal={davidbau.com}, author={Bau, David}, year={2010}, month={Jan}, note={Zuletzt aufgerufen am 16.03.2020}}

@misc{denkena_2018, title={Wischen, Tippen, Zoomen: Forscher tracken anhand von Touch-Gesten}, url={https://netzpolitik.org/2018/wischen-tippen-zoomen-forscher-tracken-anhand-von-touch-gesten/}, journal={netzpolitik.org}, author={Denkena, Wiebke}, year={2018}, month={Aug}, note={Zuletzt aufgerufen am 16.03.2020}}

@techreport{leistungSmartphoneDesktop,
  author       = {Christopher Pockrandt}, 
  title        = {Processors for mobile devices},
  institution  = {Department of Computer Science - Freie Universit{\"a}t Berlin},
  year         = 2011,
  month        = 6,
type = {Wissenschaftliche Publikation},
  url        = {https://bit.ly/38zAf0I},
note={Zuletzt aufgerufen am 16.03.2020}
}

@misc{aarp, title={Retirement Nest Egg Calculator}, url={https://www.aarp.org/work/retirement-planning/retirement_nest_egg_calculator/}, journal={AARP}, author={AARP},
note={Zuletzt aufgerufen am 16.03.2020}}


@misc{workman,
  title = {Retirement Investing Calculator Simulator (Version: 1.0.5)},
  url   = {https://play.google.com/store/apps/details?id=net.rightapp.retire\&gl=DE},
  author = {{Workman Consulting LLC},},
note={Zuletzt aufgerufen am 16.03.2020}
}

@misc{bosc,
  title = {Retirement Calculator (Version: 1.6)},
  year  = {2018},
  url   = {https://play.google.com/store/apps/details?id=in.bosc.mutualfund.retirementplanner\&gl=DE},
  author = {{Bosc Services},},
note={Zuletzt aufgerufen am 16.03.2020}
}

@misc{ruhestandsplan,
  title = {RuhestandsplanRechner (Version: 1.0)},
  url   = {https://play.google.com/store/apps/details?id=de.dgfrp.ruhestandsrechner\&gl=DE},
author = {{Deutsche Gesellschaft f{\"u}r RuhestandsPlanung},},
note={Zuletzt aufgerufen am 16.03.2020}
}

@misc{ersparnisrechner, title={Ersparnisrechner}, url={https://rechner.selbst-rechnen.de/Ersparnisrechner/}, journal={Ersparnisrechner}, author={{Deutsche Gesellschaft f{\"u}r RuhestandsPlanung mbH},},
note={Zuletzt aufgerufen am 16.03.2020}}

@inproceedings{Thudt2016AssessingTR,
  title={Assessing the Readability of Stacked Graphs},
  author={Alice Thudt and Jagoda Walny and Charles Perin and Fateme Rajabiyazdi and Lindsay MacDonald and Riane Vardeleon and Saul Greenberg and M. Sheelagh T. Carpendale},
  booktitle={Graphics Interface},
  year={2016},
url = {https://bit.ly/39O7XBg}
}

@misc{phonegap, title={Adobe PhoneGap}, url={https://phonegap.com/}, author={{Adobe},},note={Zuletzt aufgerufen am 16.03.2020}}

@misc{sindlinger, title={Entnahmerechner}, url={https://gsindlinger.github.io/Entnahmerechner/}, journal={Entnahmerechner}, author={Sindlinger, Johannes Gabriel}, note={Zuletzt aufgerufen am 16.03.2020}}

@misc{sindlinger_2020, title={Entnahmerechner}, url={https://github.com/gsindlinger/Entnahmerechner}, journal={GitHub}, author={Sindlinger, Johannes Gabriel}, note={Zuletzt aufgerufen am 16.03.2020}}

@misc{doherty_2019, title={swiped-events}, url={https://github.com/john-doherty/swiped-events}, journal={GitHub}, author={Doherty, John},  note={Zuletzt aufgerufen am 16.03.2020}} 

@misc{mdn, title={Einf{\"u}hrung in Progressive Web Apps}, url={https://developer.mozilla.org/de/docs/Web/Progressive_web_apps/Introduction}, author={{MDN Web Docs},}, note={Zuletzt aufgerufen am 16.03.2020}}

@misc{ionic, title={Cross-Platform Mobile App Development}, url={https://ionicframework.com/}, journal={Ionic Framework}, author={{Ionic},}, note={Zuletzt aufgerufen am 16.03.2020}}

@misc{maithani_2019, title={How to use Memoize to cache JavaScript function results and speed up your code}, url={https://www.freecodecamp.org/news/understanding-memoize-in-javascript-51d07d19430e/}, journal={freeCodeCamp.org}, publisher={freeCodeCamp.org}, author={Maithani, Divyanshu}, year={2019}, month={Nov}, note={Zuletzt aufgerufen am 16.03.2020}}

@phdthesis{symmetrie,
  author       = {Davorin Kempf}, 
  title        = {Symmetrie und Variation als kompositorische Prinzipien - Interdisziplin{\"a}re Aspekte},
  school       = {Universit{\"a}t Berlin},
  year         = 2006,
  month        = 12,
url = {https://t1p.de/pgsq},
  note         = {Zuletzt aufgerufen am 16.03.2020}
}




% Beachte: Hier muss {\"a} f{\“u}r {\“a} verwendet werden, falls ben{\“o}tigt
